@book{nahin2011dr,
  title={Dr. Euler's fabulous formula},
  author={Nahin, Paul J},
  year={2011},
  publisher={Princeton University Press}
}

@book{stipp2017most,
  title={A most elegant equation: Euler's formula and the beauty of mathematics},
  author={Stipp, David},
  year={2017},
  publisher={Hachette UK}
}
